% Encoding: UTF8

@misc{bcp47,
  author = {{Internet Engineering Task Force}},
  year = {2009},
  title = {Tags for Identifying Languages},
  key = {{BCP 47}},
  note = {Last visited: 2017-09-09},
  url = {https://tools.ietf.org/rfc/bcp/bcp47},
  timestamp = {2017.09.09}
}

@misc{ce20130095,
 author = {{CLARIN Centre Committee}},
  year = {2013},
  title = {Checklist for {CLARIN B} Centres},
  key = {{CE-2013-0095}},
  note = {Last visited: 2017-09-09},
  url = {https://hdl.handle.net/11372/DOC-78},
  timestamp = {2017.09.09}
}

@misc{ce20160880,
 author = {{CMDI Task Force}},
  year = {2016},
  title = {{CMDI} 1.2 specification},
  key = {{CE-2016-0880}},
  note = {Last visited: 2017-07-20},
  url = {https://hdl.handle.net/11372/DOC-152},
  timestamp = {2019.02.01}
}